@inproceedings{RRTS2020:opencortex,
	author = {Xochicale, Miguel},
	author+an = {1=highlight},
	title  = {open-corTeX: A continuous integration framework for open scientific communication},
    	url = {https://github.com/mxochicale/rrts2020},
	eprint_url = {https://github.com/mxochicale/rrts2020/blob/pdf/abstract.pdf},
	poster_url = {https://github.com/mxochicale/rrts2020/blob/pdf/poster.pdf},
	addendum = {Poster Abstract},
    	booktitle = {1st Reproducibility, Replicability and Trust in Science (\textbf{RRTS '20})},
	doi = {10.6084/m9.figshare.12927701.v1},
	month =   {9},
	year = {2020},
	address =  {Cambridge, England (Virtual Conference)}
}


@inproceedings{MLDS2019:dynafaces,
	author = {Xochicale, Miguel},
	author+an = {1=highlight},
	title  = {Quantification of Dynamic Facial Expressions with Shannon Entropy in Human-Humanoid Interaction},
    	url = {https://github.com/mxochicale/hai2017},
	eprint_url = {https://github.com/mxochicale/mlds2019/blob/master/docs/abstract/main.pdf},
	poster_url = {https://github.com/mxochicale/mlds2019/blob/master/docs/poster/main/poster.jpg},
	addendum = {Poster Abstract},
    	booktitle = {1st Symposium on Machine Learning and Dynamical Systems (\textbf{MLDS '19})},
	doi = {http://doi.org/10.5281/zenodo.2559629},
	month =   {02},
	year = {2019},
  	address =      {London, UK}
}

