@inproceedings{Bautista2022,
  author = {Bautista, Thea and 
            Matthew, Jacqueline and 
            Kerdegari, Hamideh and 
            Peralta, Laura and 
            Xochicale, Miguel},
  author+an = {5=highlight},
  title = {Empirical Study of Quality Image Assessment for Synthesis of Fetal Head Ultrasound Imaging with DCGANs},
  doi = {10.48550/ARXIV.2206.01731},
  url = {https://arxiv.org/abs/2206.01731},
  primaryClass = {physics.med-ph; cs.CV; cs.LG; eess.IV},
  keywords = {Image and Video Processing (eess.IV), 
              Computer Vision and Pattern Recognition (cs.CV), 
              Machine Learning (cs.LG), 
              Medical Physics (physics.med-ph), 
              FOS: Electrical engineering, electronic engineering, information engineering, 
              FOS: Electrical engineering, electronic engineering, information engineering, 
              FOS: Computer and information sciences, 
              FOS: Computer and information sciences, 
              FOS: Physical sciences, 
              FOS: Physical sciences}, 
  publisher = {arXiv},
  year = {2022},
  month = {06},
  addendum = {3-page abstract, code and data},
  booktitle = {26th UK Conference on Medical Image Understanding and Analysis (\textbf{MIUA '22})},
  copyright = {Creative Commons Attribution Non Commercial Share Alike 4.0 International}
}


@misc{PuyolAnton2022,
	author = {
		Puyol-Antón, Esther and 
		Ruijsink, Bram and 
		Sidhu, Baldeep S. and 
		Gould, Justin and 
		Porter, Bradley and 
		Elliott, Mark K. and 
		Mehta, Vishal and 
		Gu, Haotian and 
		Xochicale, Miguel and 
		Gomez, Alberto and 
		Rinaldi, Christopher A. and 
		Cowie, Martin and 
		Chowienczyk, Phil and 
		Razavi, Reza and 
		King, Andrew P.},
	author+an = {9=highlight},
	title = {AI-enabled Assessment of Cardiac Systolic and Diastolic Function from Echocardiography},
	url = {https://arxiv.org/abs/2203.11726},
	eprint = {2203.11726},
	archivePrefix={arXiv},
	primaryClass = {physics.med-ph; cs.CV; eess.IV},
	addendum = {Full Manuscript},
	month = {03},
	year = {2022}
}
Medical Physics (physics.med-ph), Computer Vision and Pattern Recognition (), Image and Video Processing ()
FOS: Physical sciences, FOS: Physical sciences, FOS: Computer and information sciences, FOS: Computer and information sciences, FOS: Electrical engineering, electronic engineering, information engineering, FOS: Electrical engineering, electronic engineering, information engineering},

@article{BEALE2022,
	author = {
		Richard Beale and 
		Jacqueline Beddoe Rosendo and 
		Christos Bergeles and 
		Anair Beverly and 
		Luigi Camporota and 
		Alfonso A. Castrejón-Pita and 
		Douglas C. Crockett and 
		John N. Cronin and 
		Timothy Denison and 
		Sebastian East and 
		Chantal Edwardes and 
		Andrew D. Farmery and 
		Filiberto Fele and 
		James Fisk and 
		Carla V. Fuenteslópez and 
		Michael Garstka and 
		Paul Goulart and 
		Clare Heaysman and 
		Azad Hussain and 
		Prashant Jha and 
		Idris Kempf and 
		Adhithya Senthil Kumar and 
		Annika Möslein and 
		Andrew C.J. Orr and 
		Sebastien Ourselin and 
		David Salisbury and 
		Carlo Seneci and 
		Robert Staruch and 
		Harrison Steel and 
		Mark Thompson and 
		Minh C. Tran and 
		Valentina Vitiello and 
		Miguel Xochicale and 
		Feibiao Zhou and 
		Federico Formenti and 
		Thomas Kirk},
	title = {OxVent: Design and evaluation of a rapidly-manufactured Covid-19 ventilator},
	journal = {eBioMedicine},
	volume = {76},
	pages = {103868},
	year = {2022},
	issn = {2352-3964},
	doi = {https://doi.org/10.1016/j.ebiom.2022.103868},
	url = {https://www.sciencedirect.com/science/article/pii/S2352396422000524},
	keywords = {Respiration (artificial), Biomedical engineering, Covid-19, Critical care}
}


@INPROCEEDINGS{baker2021,  
	author={
		Baker, Christian and 
		Xochicale, Miguel and 
		Joubert, Francois and 
		Lin, Fang-yu and 
		Mathews, Sunish and 
		Shakir, Dzhoshkun Ismail and 
		Ourselin, Sebastien and 
		David, Anna and 
		Dromey, Brian and 
		Desjardins, Adrien and 
		Zhang, Edward and 
		Beard, Paul and 
		Vercauteren, Tom and 
		Xia, Wenfeng},  
	booktitle={2021 IEEE International Ultrasonics Symposium (IUS)},   
	author+an = {2=highlight},
	title={Real-Time Ultrasonic Tracking of an Intraoperative Needle Tip with Integrated Fibre-Optic Hydrophone},   
	year={2021},  
	volume={},  
	number={},  
	pages={1-4},  
	doi={10.1109/IUS52206.2021.9593381}
}


@inproceedings{Badillo-Perez2022air4children,
      title={Piloting Diversity and Inclusion Workshops in Artificial Intelligence and Robotics for Children}, 
      author={
	    Badillo-Perez, Antonio and
		Badillo-Perez, Donato and 
		Coyotzi-Molina, Diego and
		Cruz, Dago and 
		Montenegro, Rocio and
		Vazquez, Leticia and 
		Xochicale, Miguel},
      author+an = {7=highlight},
      month =   {03},
      year={2022},
      booktitle = {17th Annual Conference  on Human-Robot Interaction (\textbf{HRI '22})},
      url = {https://github.com/air4children/hri2022}
}

@inproceedings{arxiv2021:movvar-hri,
	author = {Xochicale, Miguel 
		and Baber, Chris},
	author+an = {1=highlight},
	title  = {Nonlinear methods to quantify Movement Variability in Human-Humanoid Interaction Activities},
    	url = {https://github.com/mxochicale/srep2020},
	eprint = {1810.09249},
        archivePrefix={arXiv},
        primaryClass={eess.SP},
	addendum = {Full Manuscript},
	month =   {03},
	year = {2021},
}

@inproceedings{montenegro2021air4children,
      title={AIR4Children: Artificial Intelligence and Robotics for Children}, 
      author={
		Montenegro, Rocio and 
		Corona, Elva and 
		Badillo-Perez, Donato and 
		Mandujano, Angel and 
		Vazquez, Leticia and 
		Cruz, Dago and 
		Xochicale, Miguel},
      author+an = {7=highlight},
      month =   {02},
      year={2021},
      eprint={2103.07637},
      archivePrefix={arXiv},
      booktitle = {16th Annual Conference  on Human-Robot Interaction (\textbf{HRI '21})},
      primaryClass={cs.RO},
      url = {https://github.com/air4children/hri2021}
}

	author+an = {1=highlight},
	title  = {Towards the Quantification of Human-Robot Imitation Using Wearable Inertial Sensors},
    	url = {https://github.com/mxochicale/publications/tree/master/2017/HRI},
	eprint_url = {https://github.com/mxochicale/publications/blob/master/2017/HRI/article/LateBreakingReport.pdf},
	poster_url = {https://github.com/mxochicale/publications/blob/master/2017/HRI/poster/poster.pdf},
	addendum = {Poster Paper},
	month =   {3},
	year = {2017},
	address =      {Vienna, Austria}
 

@inproceedings{HAI2017:movvar,
	author = {Xochicale, Miguel 
		and Baber, Chris},
	author+an = {1=highlight},
	title  = {Towards the Analysis of Movement Variability in Human-Humanoid Imitation Activities},
    	url = {https://github.com/mxochicale/hai2017},
	eprint_url = {https://github.com/mxochicale/hai2017/blob/master/article/camera-ready-version/proceedings.pdf},
	poster_url = {https://github.com/mxochicale/hai2017/blob/master/poster/main/finalposter_jpg.jpg},
	addendum = {Poster Paper},
    	booktitle = {5th International Conference on Human Agent Interaction (\textbf{HAI '17})},
	month =   {10},
	year = {2017},
	address =      {Bielefeld, Germany}
}


@inproceedings{HRI2017:hri-imitation,
	author = {Xochicale, Miguel 
		and Baber, Chris
		and Oussalah Mourad},
	author+an = {1=highlight},
	title  = {Towards the Quantification of Human-Robot Imitation Using Wearable Inertial Sensors},
    	url = {https://github.com/mxochicale/publications/tree/master/2017/HRI},
	eprint_url = {https://github.com/mxochicale/publications/blob/master/2017/HRI/article/LateBreakingReport.pdf},
	poster_url = {https://github.com/mxochicale/publications/blob/master/2017/HRI/poster/poster.pdf},
	addendum = {Poster Paper},
    	booktitle = {12th Annual Conference  on Human-Robot Interaction (\textbf{HRI '17})},
	month =   {3},
	year = {2017},
	address =      {Vienna, Austria}
}
 

@inproceedings{WEROB2016:movvar-dance,
	author = {Xochicale, Miguel 
		and Baber, Chris
		and Oussalah Mourad},
	author+an = {1=highlight},
	title  = {Analysis of the Movement Variability in Dance Activities using Wearable Sensors},
    	url = {https://github.com/mxochicale/hai2017},
	eprint_url = {https://github.com/mxochicale/hai2017/blob/master/article/camera-ready-version/proceedings.pdf},
	poster_url = {https://github.com/mxochicale/hai2017/blob/master/poster/main/finalposter_jpg.jpg},
	addendum = {Poster Paper},
    	booktitle = {2nd International Symposium on Wearable Robotics (\textbf{WeRob '16})},
	month =   {10},
	year = {2016},
  	address =      {Segovia, Spain}
}


@inproceedings{DERBIS2016:movvar-gestures,
	author = {Xochicale, Miguel 
		and Baber, Chris
		and Oussalah Mourad},
	author+an = {1=highlight},
	title  = {Understanding Movement Variability of Simplistic Gestures Using an Inertial Sensor},
    	url = {https://github.com/mxochicale/publications/tree/master/2016/PerDis},
	eprint_url = {https://github.com/mxochicale/publications/blob/master/2016/PerDis/article/PerDis16_Camera_Ready_PDF_62.pdf},
	poster_url = {https://github.com/mxochicale/publications/blob/master/2016/PerDis/poster/PerDis16_Camera_Rady_Poster_PDF_62.pdf},
	addendum = {Poster Paper},
    	booktitle = {5th ACM International Symposium on Pervasive Displays (\textbf{PerDis '16})},
	month =   {6},
	year = {2016},
  	address =      {Oulu, Finland}
}



%@inproceedings{ICED2006:narrow-band-filters,
%	author = {Xochicale, Miguel 
%		and Jovanovic-Dolecek, G},
%	author+an = {1=highlight},
%	title  = {A New Method for Design Narrow Band Lowpass FIR Filters Using a Scale Function},
%    	url = {https://github.com/mxochicale/publications/tree/master/2006/Iced},
%	eprint_url = {https://github.com/mxochicale/publications/blob/master/2006/Iced/article/MPXochicale_GJovanovic-Dolecek-2006.pdf},
%	addendum = {Conference Paper},
%    	booktitle = {2nd International Conference on Electronic Design (\textbf{ICED '06})},
%	month =   {11},
%	year = {2006},
%  	address =      {Veracruz, Mexico}
%}

