%%%%%%%%%%%%%%%%%%%%%%%%%%%%%%%%%%%%%%%%%%%%%%%%%%%%%%%%%%%%%%
%%%%%%%%%%%%%%%%%%%%%%%%%%%%%%%%%%%%%%%%%%%%%%%%%%%%%%%%%%%%%%
%%%               TALKS
@inproceedings{fastML4S:2023:rtt4ssa,
	author       	= {
			Hekim, Sujon and
			Thompson, Stephen and
			Xochicale, Miguel
			},
	author+an 	= {3=highlight},
	title        	= {Towards lightweight transformer-based models with multimodal data for low-latency surgical applications},
	addendum 	= {Presentation, Abstract},
	doi		= {},
	url 		= {https://indico.cern.ch/event/1283970/contributions/5550640/},
	month        	= {09},
	year         	= {2023},
	address 	= {Fast Machine Learning for Science at Imperial College London}
}
https://indico.cern.ch/event/1283970/timetable/#20230926.detailed

@inproceedings{rse2023:sustainable-dashboards,
	author       	= {
			Thompson, Stephen, and
			Xochicale, Miguel and
			Couch, Tom and
			Idil Ozdemir, Idil and
			Dowrick, Thomas and 
			Clarkson, Matthew},
	author+an 	= {2=highlight},
	title        	= {How to use and contribute to a software sustainability dashboard},
	addendum 	= {Workshop},
	doi		= {},
	url 		= {https://virtual.oxfordabstracts.com/#/event/4430/submission/41},
	month        	= {09},
	year         	= {2023},
	address 	= {Swansea University}
}
https://virtual.oxfordabstracts.com/#/event/4430/submission/41


@inproceedings{rselondon:2023:sustainable-dashboards,
	author       	= {
			Idil Ozdemir, Idil and
			Xochicale, Miguel and
			Thompson, Stephen},
	author+an 	= {2=highlight},
	title        	= {Towards sustainable dashboards for open-source software projects},
	addendum 	= {Presentation, Abstract},
	doi		= {},
	url 		= {https://rslondon.ac.uk/rslondonsoutheast2023/abstracts/#ft6},
	month        	= {07},
	year         	= {2023},
	address 	= {RSLondonSouthEast 2023 at Imperial College London}
}
https://rslondon.ac.uk/rslondonsoutheast2023/abstracts/#ft6
RSLondonSouthEast 2023, the fourth workshop of the RSLondon research software community for London and South East of England at Imperial College London



@inproceedings{oxfordXML:2023:MedicalDeviceDevelopment,
	author       	= {Xochicale, Miguel},
	author+an 	= {1=highlight},
	title        	= {Innovating in Medical Device Development},
	addendum 	= {Presentation, Abstract},
	doi		= {},
    	url 		= {https://github.com/mxochicale/},
	month        	= {06},
	year         	= {2023},
	address 	= {OxfordXML Seminar}
}
https://talks.ox.ac.uk/talks/id/575ba99e-7951-4b3e-bf02-e381436725be/

@inproceedings{DataLearningWorkingGroup:2022:Fetal-Ultrasound-Imaging-Synthesis,
	author       	= {Xochicale, Miguel},
	author+an 	= {1=highlight},
	title        	= {Fetal Ultrasound Imaging Synthesis},
	addendum 	= {Presentation Abstract},
	doi		= {https://doi.org/10.5281/zenodo.4147673},
    url 		= {https://github.com/mxochicale/tuis27092022},
	month        	= {09},
	year         	= {2022},
	address 	= {Data Learning Seminar at Imperial College London}
}

@inproceedings{NMC3:2020:quantify-mov-var-from-time-series,
	author       	= {Xochicale, Miguel
			 	and Baber, Chris},
	author+an 	= {1=highlight}, 
	title        	= {Nonlinear analysis to quantify human movement variability from time-series data},
    booktitle 	= {neuromatch 3.0 (\textbf{NMC3 '20})},
	addendum 	= {Presentation Abstract},
	doi		= {https://doi.org/10.5281/zenodo.4147673},
    url 		= {https://github.com/mxochicale/nmc3},
	slides_url 	= {https://github.com/mxochicale/nmc3/blob/generated-pdfs/slides.pdf},
	month        	= {10},
	year         	= {2020},
	address 	= {Virtual Conference}
}

@inproceedings{ICDEA2019:movvar-hri,
	author = {Xochicale, Miguel},
	author+an = {1=highlight},
	title  = {Quantifying Movement Variability with Nonlinear Dynamics for Human-Humanoid Interaction},
    	url = {https://github.com/mxochicale/icdea2019},
	eprint_url = {https://github.com/mxochicale/icdea2019/blob/master/abstract/xochicale_abstract.pdf},
	slides_url = {https://github.com/mxochicale/icdea2019/blob/master/slides/slides-icdea2019-mxochicale.pdf},
	addendum = {Slices abstract},
    	booktitle = {25th International Conference on Difference Equations and Applications (\textbf{ICDEA '19})},
	month =   {6},
	year = {2019},
	address =      {London, UK}
}
 
@inproceedings{ECCC2018:chaos-movement-variability,
	author = {Xochicale, Miguel},
	author+an = {1=highlight},
	title  = {Quantifying the Inherent Chaos of Human Movement Variability},
    	url = {https://github.com/mxochicale/eccc2018},
	eprint_url = {https://github.com/mxochicale/eccc2018/blob/master/abstract/latex/abstract.pdf},
	slides_url = {https://github.com/mxochicale/eccc2018/blob/master/slides/presentation.eccc2018.pdf},
	addendum = {Presentation Abstract},
    	booktitle = {15th Experimental Chaos and Complexity Conference (\textbf{ECCC '18})},
	month =   {6},
	year = {2018},
  	address =      {Madrid, Spain}
}

@inproceedings{CERE2018:movvariability-in-facial-expresions,
	author = {Xochicale, Miguel 
		and Baber, Chris},
	author+an = {1=highlight},
	title  = {Towards the Analysis of Movement Variability for Facial Expressions with Nonlinear Dynamics},
    	url = {https://github.com/mxochicale/cere2018},
	slides_url = {https://github.com/mxochicale/cere2018/blob/master/slides/presentation.cere2018-mx.pdf},
	addendum = {Presentation abstract},
    	booktitle = {7th Consortium of European Research on Emotion Conference (\textbf{CERE '18})},
	month =   {04},
	year = {2018},
	address =      {Glasgow, Scotland, UK}
}

%%%%%%%%%%%%%%%%%%%%%%%%%%%%%%%%%%%%%%%%%%%%%%%%%%%%%%%%%%%%%%
%%%%%%%%%%%%%%%%%%%%%%%%%%%%%%%%%%%%%%%%%%%%%%%%%%%%%%%%%%%%%%
%%%               POSTERS
@inproceedings{RRTS2020:opencortex,
	author = {Xochicale, Miguel},
	author+an = {1=highlight},
	title  = {open-corTeX: A continuous integration framework for open scientific communication},
    	url = {https://github.com/mxochicale/rrts2020},
	eprint_url = {https://github.com/mxochicale/rrts2020/blob/pdf/abstract.pdf},
	poster_url = {https://github.com/mxochicale/rrts2020/blob/pdf/poster.pdf},
	addendum = {Poster Abstract},
    	booktitle = {1st Conference on Reproducibility, Replicability and Trust in Science (\textbf{RRTS '20})},
	doi = {10.6084/m9.figshare.12927701.v1},
	month =   {9},
	year = {2020},
	address =  {Cambridge, England (Virtual Conference)}
}


@inproceedings{MLDS2019:dynafaces,
	author = {Xochicale, Miguel},
	author+an = {1=highlight},
	title  = {Quantification of Dynamic Facial Expressions with Shannon Entropy in Human-Humanoid Interaction},
    	url = {https://github.com/mxochicale/hai2017},
	eprint_url = {https://github.com/mxochicale/mlds2019/blob/master/docs/abstract/main.pdf},
	poster_url = {https://github.com/mxochicale/mlds2019/blob/master/docs/poster/main/poster.jpg},
	addendum = {Poster Abstract},
    	booktitle = {1st Symposium on Machine Learning and Dynamical Systems (\textbf{MLDS '19})},
	doi = {http://doi.org/10.5281/zenodo.2559629},
	month =   {02},
	year = {2019},
  	address =      {London, UK}
}

