@inproceedings{NMC3:2020:quantify-mov-var-from-time-series,
	author       	= {Xochicale, Miguel
			 	and Baber, Chris},
	author+an 	= {1=highlight},
	title        	= {Nonlinear analysis to quantify human movement variability from time-series data},
    	booktitle 	= {neuromatch 3.0 (\textbf{NMC3 '20})},
	addendum 	= {Presentation Abstract},
	doi		= {https://doi.org/10.5281/zenodo.4147673},
    	url 		= {https://github.com/mxochicale/nmc3},
	slides_url 	= {https://github.com/mxochicale/nmc3/blob/generated-pdfs/slides.pdf},
	month        	= {10},
	year         	= {2020},
	address 	= {Virtual Conference}
}

@inproceedings{ICDEA2019:movvar-hri,
	author = {Xochicale, Miguel},
	author+an = {1=highlight},
	title  = {Quantifying Movement Variability with Nonlinear Dynamics for Human-Humanoid Interaction},
    	url = {https://github.com/mxochicale/icdea2019},
	eprint_url = {https://github.com/mxochicale/icdea2019/blob/master/abstract/xochicale_abstract.pdf},
	slides_url = {https://github.com/mxochicale/icdea2019/blob/master/slides/slides-icdea2019-mxochicale.pdf},
	addendum = {Slices abstract},
    	booktitle = {25th International Conference on Difference Equations and Applications (\textbf{ICDEA '19})},
	month =   {6},
	year = {2019},
	address =      {London, UK}
}
 
@inproceedings{ECCC2018:chaos-movement-variability,
	author = {Xochicale, Miguel},
	author+an = {1=highlight},
	title  = {Quantifying the Inherent Chaos of Human Movement Variability},
    	url = {https://github.com/mxochicale/eccc2018},
	eprint_url = {https://github.com/mxochicale/eccc2018/blob/master/abstract/latex/abstract.pdf},
	slides_url = {https://github.com/mxochicale/eccc2018/blob/master/slides/presentation.eccc2018.pdf},
	addendum = {Presentation Abstract},
    	booktitle = {15th Experimental Chaos and Complexity Conference (\textbf{ECCC '18})},
	month =   {6},
	year = {2018},
  	address =      {Madrid, Spain}
}

@inproceedings{CERE2018:movvariability-in-facial-expresions,
	author = {Xochicale, Miguel 
		and Baber, Chris},
	author+an = {1=highlight},
	title  = {Towards the Analysis of Movement Variability for Facial Expressions with Nonlinear Dynamics},
    	url = {https://github.com/mxochicale/cere2018},
	slides_url = {https://github.com/mxochicale/cere2018/blob/master/slides/presentation.cere2018-mx.pdf},
	addendum = {Presentation abstract},
    	booktitle = {7th Consortium of European Research on Emotion Conference (\textbf{CERE '18})},
	month =   {04},
	year = {2018},
	address =      {Glasgow, Scotland, UK}
}
