%% start of file `publications.bib'.
%% Copyright 2006-2012 Xavier Danaux (xdanaux at gmail.com).
%
% This work may be distributed and/or modified under the
% conditions of the LaTeX Project Public License version 1.3c,
% available at http://www.latex-project.org/lppl/.



@conference{Iced06,
  author       = {Miguel A. Perez-Xochicale and G. Jovanovic-Dolecek}, 
  title        = {\textit{A New Method for Design Narrow Band Lowpass FIR Filters Using a Scale Function}},
  note         = {2nd International Conference on Electronic Design,
  Proc. edited by Victor Champac at all, ISBN 968-9085-01-8, pp.85-89,
  \href{https://sites.google.com/site/perezxochicale/docs/Iced06.pdf}{\faFilePdfO}},
  month =   {November},
  year = {2006},
  address =      {Veracruz, Mexico},
}


@conference{Electro06,
  author       = {Miguel A. Perez-Xochicale and G. Jovanovic-Dolecek}, 
  title        = {\textit{A New Method for Design Narrow Band Lowpass FIR Filters Using a Scale Function}},
  note         = {28th International Congress of Electronic Engineering,  
  Proc edited by ITCH Chiuahua, 2006, pp.165-168,
  \href{https://sites.google.com/site/perezxochicale/docs/Electro06.pdf}{\faFilePdfO}},
  month =   {August},
  year = {2006},
  address =      {Chihuahua, Mexico},
}


@conference{Icd06,
  author       = {G. Jovanovic-Dolecek and Miguel A. Perez-Xochicale}, 
  title        = {\textit{One Method for Design of Wideband FIR Filters Without Multipliers}},
  note         = {Proc. of the 16th IEEE Conference on Electronics, Communications and Computers, CONIELECOMP 2006, 
  published by IEEE Computer Society, N0. 0-7695-2505-9/06. 2006 IEEE
    \href{https://sites.google.com/site/perezxochicale/docs/CONIELECOMP06.pdf}{\faFilePdfO}},
  month =   {February},
  year = {2006},
  address =      {Puebla, Mexico},
}



%% end of file `publications.bib'.
