@conference{MXochicale_RRTS2020,
AUTHOR       = {[OA] Xochicale M},
title        = {\textit{open-corTeX: A continuous integration framework for open scientific communication}},
note         = {1st Reproducibility, Replicability and Trust in Science (RRTS20)
  \href{https://github.com/mxochicale/rrts2020/blob/pdf/abstract.pdf}{\faFilePdfO}
  \href{https://github.com/mxochicale/rrts2020/blob/pdf/poster.pdf}{\faImage}
  \href{https://github.com/mxochicale/rrts2020}{\faGithubAlt}
   },
month =   {Sep},
year = {2020},
address = {Cambridge, England (Virtual Conference)}
}
url = "https://figshare.com/articles/poster/open-corTeX_A_continuous_integration_framework_for_open_scientific_communication/12927701",
doi = "10.6084/m9.figshare.12927701.v1"

@conference{MXochicale_ICDEA2019,
  AUTHOR       = {[OA] Xochicale M},
  title        = {\textit{Quantifying Movement Variability with Nonlinear Dynamics for Human-Humanoid Interaction}},
  note         = {25th International Conference on Difference Equations and Applications (ICDEA2019) 
  \href{https://github.com/mxochicale/icdea2019/blob/master/abstract/xochicale_abstract.pdf}{\faFilePdfO}
  \href{https://github.com/mxochicale/icdea2019/blob/master/slides/slides-icdea2019-mxochicale.pdf}{\faImage}
  \href{https://github.com/mxochicale/icdea2019}{\faGithubAlt}
   },
  month =   {June},
  year = {2019},
  address =      {London, UK}
}


@conference{MXochicale_SMLDS2019,
  AUTHOR       = {[OA] Xochicale M},
  title        = {\textit{Quantification of Dynamic Facial Expressions with Shannon Entropy in Human-Humanoid Interaction}},
  note         = {
1st Symposium on Machine Learning and Dynamical Systems (MLDS2019)
\href{
https://github.com/mxochicale/mlds2019/blob/master/docs/abstract/main.pdf
}{\faFilePdfO}
\href{
https://github.com/mxochicale/mlds2019/blob/master/docs/poster/main/poster.jpg
}{\faImage}
\href{http://doi.org/10.5281/zenodo.2559629}{\faGithubAlt}
},
  month =   {February},
  year = {2019},
  address =      {London, UK}
}





@conference{MXochicale_ECCC2018,
  AUTHOR       = {[OA] Xochicale M and Baber C},
  title        = {\textit{Quantifying the Inherent Chaos of Human Movement Variability }},
  note         = {15th Experimental Chaos and Complexity Conference (ECCC15) 
  \href{https://github.com/mxochicale/eccc2018/blob/master/abstract/latex/abstract.pdf}{\faFilePdfO}
  \href{https://github.com/mxochicale/eccc2018/blob/master/slides/presentation.eccc2018.pdf}{\faImage}
  \href{https://github.com/mxochicale/eccc2018}{\faGithubAlt}
   },
  month =   {June},
  year = {2018},
  address =      {Madrid, Spain}
}

@conference{MXochicale_CERE2018,
  AUTHOR       = {[OA] Xochicale M and Baber C},
  title        = {\textit{Towards the Analysis of Movement Variability for Facial Expressions with
Nonlinear Dynamics}},
  note         = {The 7th Consortium of European Research on Emotion Conference (CERE2018)
  \href{https://github.com/mxochicale/cere2018/blob/master/abstract/latex/abstract.pdf}{\faFilePdfO}
  \href{https://github.com/mxochicale/cere2018/blob/master/slides/presentation.cere2018-mx.pdf}{\faImage}
  \href{https://github.com/mxochicale/cere2018}{\faGithubAlt}
   },
  month =   {April},
  year = {2018},
  address =      {Glasgow, Scotland, UK}
}


