
@article{mxochicale2018arXiv,
author = {[OA] Xochicale M and Baber C},
title = "{Strengths and weaknesses of Recurrence Quantification Analysis in the context of human-humanoid interaction}",
journal = {ArXiv e-prints (on hold, awaiting moderator attention. submitted on 17/10/18)},
eprint = {1810.06758},
primaryClass = "Chaotic Dynamics (nlin.CD)",
keywords = {Chaotic Dynamics},
year = 2018,
}

month = oct,
archivePrefix = "arXiv"
   adsurl = {http://adsabs.harvard.edu/abs/2018arXiv181006758A},
  adsnote = {Provided by the SAO/NASA Astrophysics Data System}
