@conference{MPXochicale_HAI2017,
  AUTHOR       = {M. P. Xochicale and C. Baber},
  title        = {\textit{Towards the Analysis of Movement Variability in Human-Humanoid Imitation Activities}},
  note         = {The 5th International Conference on Human Agent Interaction (HAI2017)
  \href{https://github.com/mxochicale/hai2017/blob/master/article/camera-ready-version/proceedings.pdf}{\faFilePdfO}
  \href{https://github.com/mxochicale/hai2017/blob/master/poster/poster.pdf}{\faImage}
  \href{https://github.com/mxochicale/hai2017}{\faGithubAlt}
   },
  month =   {October},
  year = {2017},
  address =      {Bielefeld, Germany}
}



@conference{MPXochicale_HRI2017,
  AUTHOR       = {M. P. Xochicale and C. Baber and M. Oussalah},
  title        = {\textit{Towards the Quantification of Human-Robot Imitation Using Wearable Inertial Sensors}},
  note         = {The 12th Annual Conference  on Human-Robot Interaction (HRI2017)
  \href{https://github.com/mxochicale/publications/blob/master/2017/HRI/article/LateBreakingReport.pdf}{\faFilePdfO}
  \href{https://github.com/mxochicale/publications/blob/master/2017/HRI/poster/poster.pdf}{\faImage}
  \href{https://github.com/mxochicale/publications/tree/master/2017/HRI}{\faGithubAlt}
   },
  month =   {March},
  year = {2017},
  address =      {Vienna, Austria}
}


@conference{WeRob16,
  author       = {M. Xochicale and C. Baber and M. Oussalah and Smith },
  title        = {\textit{Analysis of the Movement Variability in Dance Activities using Wearable Sensors}},
  note         = {The 2nd International Symposium on Wearable Robotics (WeRob16)
  \href{https://github.com/mxochicale/publications/blob/master/2016/WeRob/article/WeRob2016_paper_44_CR_VF.pdf}{\faFilePdfO}
  \href{https://github.com/mxochicale/publications/blob/master/2016/WeRob/slides/slides.pdf}{\faImage}
  \href{https://github.com/mxochicale/publications/tree/master/2016/WeRob}{\faGithubAlt}
  },
  month =   {October},
  year = {2016},
  address =      {La Granja, Segovia, Spain}
}


@conference{PerDis16,
  author       = {M. Xochicale and C. Baber and M. Oussalah },
  title        = {\textit{Understanding Movement Variability of Simplistic Gestures Using an Inertial Sensor}},
  note         = {The 5th ACM International Symposium on Pervasive Displays
  \href{https://github.com/mxochicale/publications/blob/master/2016/PerDis/article/PerDis16_Camera_Ready_PDF_62.pdf}{\faFilePdfO}
  \href{https://github.com/mxochicale/publications/blob/master/2016/PerDis/poster/PerDis16_Camera_Rady_Poster_PDF_62.pdf}{\faImage}
  \href{https://github.com/mxochicale/publications/tree/master/2016/PerDis}{\faGithubAlt}
  },
  month =   {June},
  year = {2016},
  address =      {Oulu, Finland}
}



@conference{Iced06,
  author       = {Miguel A. Perez-Xochicale and G. Jovanovic-Dolecek},
  title        = {\textit{A New Method for Design Narrow Band Lowpass FIR Filters Using a Scale Function}},
  note         = {The 2nd International Conference on Electronic Design,
  Proc. edited by Victor Champac at all, ISBN 968-9085-01-8, pp.85-89
  \href{https://github.com/mxochicale/publications/blob/master/2006/Iced/article/MPXochicale_GJovanovic-Dolecek-2006.pdf}{\faFilePdfO}
  \href{https://github.com/mxochicale/publications/tree/master/2006/Iced}{\faGithubAlt}
  },
  month =   {November},
  year = {2006},
  address =      {Veracruz, Mexico},
}

@conference{Electro06,
  author       = {Miguel A. Perez-Xochicale and G. Jovanovic-Dolecek},
  title        = {\textit{A New Method for Design Narrow Band Lowpass FIR Filters Using a Scale Function}},
  note         = {The 28th International Congress of Electronic Engineering,
  Proc edited by ITCH Chiuahua, 2006, pp.165-168
  \href{https://github.com/mxochicale/publications/blob/master/2006/Electro/article/MPXochicale_GJovanovic-Dolecek-2006.pdf}{\faFilePdfO}
  \href{https://github.com/mxochicale/publications/tree/master/2006/Electro}{\faGithubAlt}
  },
  month =   {August},
  year = {2006},
  address =      {Chihuahua, Mexico},
}


@conference{Conielecomp06,
  author       = {G. Jovanovic-Dolecek and Miguel A. Perez-Xochicale},
  title        = {\textit{One Method for Design of Wideband FIR Filters Without Multipliers}},
  note         = {The 16th IEEE Conference on Electronics, Communications and Computers, CONIELECOMP 2006,
  published by IEEE Computer Society, N0. 0-7695-2505-9/06. 2006 IEEE
  \href{https://github.com/mxochicale/publications/blob/master/2006/Conielecomp/article/GJovanovic-Dolecek_MPXochicale-2006.pdf}{\faFilePdfO}
  \href{https://github.com/mxochicale/publications/tree/master/2006/Conielecomp}{\faGithubAlt}
  },
  month =   {February},
  year = {2006},
  address =      {Puebla, Mexico},
}



%% end of file `publications.bib'.
