@conference{MPXochicale_ECCC2018,
  AUTHOR       = {MP Xochicale and C Baber},
  title        = {\textit{Quantifying the Inherent Chaos of Human Movement Variability }},
  note         = {The 15th Experimental Chaos and Complexity Conference (ECCC2018),
  \href{https://github.com/mxochicale/eccc2018}{\faGithubAlt} (to appear)
   },
  month =   {June},
  year = {2018},
  address =      {Madrid, Spain}
}

@conference{MPXochicale_CERE2018,
  AUTHOR       = {MP Xochicale and C Baber},
  title        = {\textit{Towards the Analysis of Movement Variability for Facial Expressions with
Nonlinear Dynamics}},
  note         = {The 7th Consortium of European Research on Emotion Conference (CERE2018)
  \href{https://github.com/mxochicale/cere2018/blob/master/abstract/latex/abstract.pdf}{\faFilePdfO}
  \href{https://github.com/mxochicale/cere2018/blob/master/slides/presentation.cere2018-mx.pdf}{\faImage}
  \href{https://github.com/mxochicale/cere2018}{\faGithubAlt}
   },
  month =   {April},
  year = {2018},
  address =      {Glasgow, Scotland, UK}
}



