
@conference{MPXochicale_HAI2017,
  AUTHOR       = {[OA] Xochicale M and Baber C},
  title        = {\textit{Towards the Analysis of Movement Variability in Human-Humanoid Imitation Activities}},
  note         = {The 5th International Conference on Human Agent Interaction (HAI2017)
  \href{https://github.com/mxochicale/hai2017/blob/master/article/camera-ready-version/proceedings.pdf}{\faFilePdfO}
  \href{https://github.com/mxochicale/hai2017/blob/master/poster/main/finalposter_jpg.jpg}{\faImage}
  \href{https://github.com/mxochicale/hai2017}{\faGithubAlt}
   },
  month =   {October},
  year = {2017},
  address =      {Bielefeld, Germany}
}



@conference{MPXochicale_HRI2017,
  AUTHOR       = {[OA] Xochicale M and Baber C and Oussalah M},
  title        = {\textit{Towards the Quantification of Human-Robot Imitation Using Wearable Inertial Sensors}},
  note         = {The 12th Annual Conference  on Human-Robot Interaction (HRI2017)
  \href{https://github.com/mxochicale/publications/blob/master/2017/HRI/article/LateBreakingReport.pdf}{\faFilePdfO}
  \href{https://github.com/mxochicale/publications/blob/master/2017/HRI/poster/poster.pdf}{\faImage}
  \href{https://github.com/mxochicale/publications/tree/master/2017/HRI}{\faGithubAlt}
   },
  month =   {March},
  year = {2017},
  address =      {Vienna, Austria}
}


@conference{mxochicale2016_werob,
  author       = {[OA] Xochicale M and Baber C and Oussalah M},
  title        = {\textit{Analysis of the Movement Variability in Dance Activities using Wearable Sensors}},
  note         = {The 2nd International Symposium on Wearable Robotics (WeRob16)
  \href{https://github.com/mxochicale/publications/blob/master/2016/WeRob/article/WeRob2016_paper_44_CR_VF.pdf}{\faFilePdfO}
  \href{https://github.com/mxochicale/publications/blob/master/2016/WeRob/slides/slides.pdf}{\faImage}
  \href{https://github.com/mxochicale/publications/tree/master/2016/WeRob}{\faGithubAlt}
  },
  month =   {October},
  year = {2016},
  address =      {Segovia, Spain}
}


@conference{mxochicale2016_derdis,
  author       = {[OA] Xochicale M and Baber C and Oussalah M},
  title        = {\textit{Understanding Movement Variability of Simplistic Gestures Using an Inertial Sensor}},
  note         = {The 5th ACM International Symposium on Pervasive Displays
  \href{https://github.com/mxochicale/publications/blob/master/2016/PerDis/article/PerDis16_Camera_Ready_PDF_62.pdf}{\faFilePdfO}
  \href{https://github.com/mxochicale/publications/blob/master/2016/PerDis/poster/PerDis16_Camera_Rady_Poster_PDF_62.pdf}{\faImage}
  \href{https://github.com/mxochicale/publications/tree/master/2016/PerDis}{\faGithubAlt}
  },
  month =   {June},
  year = {2016},
  address =      {Oulu, Finland}
}



@conference{mxochicale2006_ced,
  author       = {Xochicale M and Jovanovic-Dolecek G},
  title        = {\textit{A New Method for Design Narrow Band Lowpass FIR Filters Using a Scale Function}},
  note         = {The 2nd International Conference on Electronic Design,
  Proc. edited by Victor Champac at all, ISBN 968-9085-01-8, pp.85-89
  \href{https://github.com/mxochicale/publications/blob/master/2006/Iced/article/MPXochicale_GJovanovic-Dolecek-2006.pdf}{\faFilePdfO}
  \href{https://github.com/mxochicale/publications/tree/master/2006/Iced}{\faGithubAlt}
  },
  month =   {November},
  year = {2006},
  address =      {Veracruz, Mexico},
}



