
@article{mxochicale2018arXiv,
author = {[OA] Xochicale M and Baber C},
title = {\textit{Strengths and weaknesses of Recurrence Quantification Analysis in the context of human-humanoid interaction}},
eprint = {1810.09249},
primaryClass = "Signal Processing (eess.SP)",
keywords = {Recurrence Quantification Analysis, Chaotic Dynamics},
day= {17},
month =   {October},
year = {2018},
note         = {ArXiv e-prints
\href{https://arxiv.org/pdf/1810.09249.pdf}{\faFilePdfO}
\href{https://arxiv.org/abs/1810.09249}{\faExternalLink}
}

}


journal = {ArXiv e-prints},
adsurl = {https://arxiv.org/abs/1810.09249},
https://arxiv.org/abs/1810.09249
month = oct,
archivePrefix = "arXiv"
